@inproceedings{watson2001,
  title={Coevolutionary dynamics in a minimal substrate},
  author={Watson, Richard A and Pollack, Jordan B},
  booktitle={Proceedings of the Genetic and Evolutionary Computation Conference (GECCO 2001)},
  pages={702--709},
  year={2001},
  organization={Morgan Kaufmann}
}
@article{forrest1993,
  title={Relative building-block fitness and the building-block hypothesis},
  author={Forrest, Stephanie and Mitchell, Melanie},
  journal={Ann Arbor},
  volume={1001},
  pages={48109},
  year={1993}
}
@inproceedings{watson2007,
  title={A building-block royal road where crossover is provably essential},
  author={Watson, Richard A and Jansen, Thomas},
  booktitle={Proceedings of the 9th annual conference on Genetic and evolutionary computation},
  pages={1452--1459},
  year={2007},
  organization={ACM}
}